<?xml version="1.0" encoding="UTF-8"?><collection xmlns="http://www.loc.gov/MARC21/slim"><record><leader>00574nam--2200205-u-4500</leader><controlfield tag="001">000053527</controlfield><controlfield tag="002">20161230</controlfield><controlfield tag="005">20161230201051</controlfield><controlfield tag="008">110411s1000------------r-----000-0-eng-d</controlfield><datafield ind1=" " ind2=" " tag="020"><subfield code="a">044480563X</subfield></datafield><datafield ind1=" " ind2=" " tag="040"><subfield code="a">IFIN-HH</subfield></datafield><datafield ind1=" " ind2=" " tag="080"><subfield code="a">576.8.097:535.82</subfield></datafield><datafield ind1="1" ind2=" " tag="100"><subfield code="a">Polak, Julia M</subfield></datafield><datafield ind1="1" ind2="0" tag="245"><subfield code="a">Immunolabelling for electron microscopy</subfield><subfield code="c">Julia m. polak; ian m. varndell (eds.)</subfield></datafield><datafield ind1=" " ind2=" " tag="260"><subfield code="a">Amsterdam</subfield><subfield code="b">Elsevier</subfield><subfield code="c">1984</subfield></datafield><datafield ind1=" " ind2=" " tag="300"><subfield code="a">370P</subfield></datafield><datafield ind1=" " ind2="4" tag="650"><subfield code="a">Electron Microscopy - Technique</subfield></datafield><datafield ind1="1" ind2=" " tag="700"><subfield code="a">Varndell, Ian M</subfield><subfield code="e">Ed</subfield></datafield><datafield ind1=" " ind2=" " tag="852"><subfield code="a">81211</subfield><subfield code="c">577.3</subfield></datafield><datafield ind1=" " ind2=" " tag="CAT"><subfield code="a">Sys</subfield><subfield code="c">20110411</subfield><subfield code="h">150805</subfield></datafield></record></collection>